34100000         240084773000118                    07686 000000099886 0JAL SANTOS ADMINISTRACAO DE IMBANCO ITAU S.A.                         206042023032130000124040                                                                          
34100011T0100030 2040084773000118                    07686 000000099886 0JAL SANTOS ADMINISTRACAO DE IM                                                                                000001240604202310042023                                 
3410001300001T 0607686000000009988600109000007590        010693          05042023000000000065110341072161                         000000000000000000JOSE DE GOUVEIA                         000000000000000000000000000000000CK                 
3410001300002U 060000000000065320000000000000000000000000000000000000000000000000000000716420000000000716420000000000000000000000000000000604202310042023000000000000000000000000000                              00000000000000000000000       
3410001300003T 0607686000000009988600109000007699        010941          09042023000000000094831237020340                         000000000000000000DANIELLA DE OLIVEIRA COSTA              000000000000000000000000000000000B3                 
3410001300004U 060000000000000000000000000000000000000000000000000000000000000000000000948310000000000948310000000000000000000000000000000604202310042023000000000000000000000000000                              00000000000000000000000       
3410001300005T 0607686000000009988600109000007871        010894          06042023000000000152948341061488                         000000000000000000AMILTON CLAUDIO CUSTODIO FILHO          000000000000000000000000000000000BL                 
3410001300006U 060000000000000000000000000000000000000000000000000000000000000000000001529480000000001529480000000000000000000000000000000604202310042023000000000000000000000000000                              00000000000000000000000       
3410001300007T 0607686000000009988600109000008069        010936          10042023000000000061664341099268                         000000000000000000RAPHAELA VENTURA DE SOUSA               000000000000000000000000000000000CI                 
3410001300008U 060000000000000000000000000000000000000000000000000000000000000000000000616640000000000616640000000000000000000000000000000604202310042023000000000000000000000000000                              00000000000000000000000       
3410001300009T 0607686000000009988600109000008085        010921          10042023000000000157626341060772                         000000000000000000WITALO DE SANTANA JESUS                 000000000000000000000000000000000BL                 
3410001300010U 060000000000000000000000000000000000000000000000000000000000000000000001576260000000001576260000000000000000000000000000000604202310042023000000000000000000000000000                              00000000000000000000000       
3410001300011T 0607686000000009988600109000008150        010916          10042023000000000171657104008895                         000000000000000000JONATHAN PAUL DOS REIS TIPLADY          000000000000000000000000000000000B3                 
3410001300012U 060000000000000000000000000000000000000000000000000000000000000000000001716570000000001716570000000000000000000000000000000604202310042023000000000000000000000000000                              00000000000000000000000       
3410001300013T 0207686000000009988600109000008283        010668          06042023000000000084800000013065                         000000000000000000JOSE MARCOS SANTOS DA SILVA             000000000000000000000000000000000                   
3410001300014U 020000000000000000000000000000000000000000000000000000000000000000000000000000000000000000000000000000000000000000000000000604202300000000000000000000000000000000000                              00000000000000000000000       
3410001300015T 0607686000000009988600109000008283        010668          06042023000000000084800033034050                         000000000000000000JOSE MARCOS SANTOS DA SILVA             000000000000000000000000000000000B3                 
3410001300016U 060000000000000000000000000000000000000000000000000000000000000000000000848000000000000848000000000000000000000000000000000604202310042023000000000000000000000000000                              00000000000000000000000       
34100015         00001800004500000000006016478000000000000000000000000000000000000000000000000000000000000000000000MT10/04S                                                                                                                     
34199999         000001000020                                                                                                                                                                                                                   
