34100000         240084773000118                    07686 000000099886 0JAL SANTOS ADMINISTRACAO DE IMBANCO ITAU S.A.                         210042023041921000125040                                                                          
34100011T0100030 2040084773000118                    07686 000000099886 0JAL SANTOS ADMINISTRACAO DE IM                                                                                000001251004202311042023                                 
3410001300001T 0907686000000009988600109000006600        010884          09032023000000000415478000077881                         000000000000000000JOSE CARLOS DO NASCIMENTO JUNI          000000000000000000000000000000000                   
3410001300002U 090000000000000000000000000000000000000000000000000000000000000000000000000000000000000000000000000000000000000000000000001004202300000000000000000000000000000000000                              00000000000000000000000       
3410001300003T 0907686000000009988600109000006808        010922          10032023000000000123401000077881                         000000000000000000MARCIO HENRIQUE DOS SANTOS CRU          000000000000000000000000000000000                   
3410001300004U 090000000000000000000000000000000000000000000000000000000000000000000000000000000000000000000000000000000000000000000000001004202300000000000000000000000000000000000                              00000000000000000000000       
3410001300005T 0907686000000009988600109000006923        010888          08032023000000000095398000077881                         000000000000000000MARCIO FERNANDES                        000000000000000000000000000000000                   
3410001300006U 090000000000000000000000000000000000000000000000000000000000000000000000000000000000000000000000000000000000000000000000001004202300000000000000000000000000000000000                              00000000000000000000000       
3410001300007T 0907686000000009988600109000006949        010148          08032023000000000175640000077881                         000000000000000000VENICIO VERICIMO PINTO                  000000000000000000000000000000000                   
3410001300008U 090000000000000000000000000000000000000000000000000000000000000000000000000000000000000000000000000000000000000000000000001004202300000000000000000000000000000000000                              00000000000000000000000       
3410001300009T 0607686000000009988600109000007715        010850          09042023000000000134770237066668                         000000000000000000JAIR RODRIGUES DA SILVA E OUTR          000000000000000000000000000000000B3                 
3410001300010U 060000000000000000000000000000000000000000000000000000000000000000000001347700000000001347700000000000000000000000000000001004202311042023000000000000000000000000000                              00000000000000000000000       
3410001300011T 0607686000000009988600109000007749        010902          08042023000000000078984260000010                         000000000000000000LUCAS MAIA DE PAULA                     000000000000000000000000000000000B3                 
3410001300012U 060000000000000000000000000000000000000000000000000000000000000000000000789840000000000789840000000000000000000000000000001004202311042023000000000000000000000000000                              00000000000000000000000       
3410001300013T 0607686000000009988600109000007756        010830          09042023000000000167397033034050                         000000000000000000MARCELL GOUVEA CARDOSO                  000000000000000000000000000000000B3                 
3410001300014U 060000000000000000000000000000000000000000000000000000000000000000000001673970000000001673970000000000000000000000000000001004202311042023000000000000000000000000000                              00000000000000000000000       
3410001300015T 0607686000000009988600109000007764        010872          08042023000000000103387237020957                         000000000000000000MAYENA OLIVEIRA DE MELO                 000000000000000000000000000000000B3                 
3410001300016U 060000000000000000000000000000000000000000000000000000000000000000000001033870000000001033870000000000000000000000000000001004202311042023000000000000000000000000000                              00000000000000000000000       
3410001300017T 0607686000000009988600109000007772        010851          07042023000000000086333341061488                         000000000000000000MONIQUE SUELEM VAZ DOS SANTOS           000000000000000000000000000000000BL                 
3410001300018U 060000000000000000000000000000000000000000000000000000000000000000000000863330000000000863330000000000000000000000000000001004202311042023000000000000000000000000000                              00000000000000000000000       
3410001300019T 0607686000000009988600109000007913        010895          09042023000000000092257104008895                         000000000000000000RUI MARINHO DE AZEVEDO                  000000000000000000000000000000000B3                 
3410001300020U 060000000000000000000000000000000000000000000000000000000000000000000000922570000000000922570000000000000000000000000000001004202311042023000000000000000000000000000                              00000000000000000000000       
3410001300021T 0607686000000009988600109000007921        010901          10042023000000000171792033042168                         000000000000000000AMANDA MACHADO DA SILVA                 000000000000000000000000000000000B3                 
3410001300022U 060000000000000000000000000000000000000000000000000000000000000000000001717920000000001717920000000000000000000000000000001004202311042023000000000000000000000000000                              00000000000000000000000       
3410001300023T 0607686000000009988600109000007939        010798          10042023000000000111507033042168                         000000000000000000AMANDA MACHADO DA SILVA                 000000000000000000000000000000000B3                 
3410001300024U 060000000000000000000000000000000000000000000000000000000000000000000001115070000000001115070000000000000000000000000000001004202311042023000000000000000000000000000                              00000000000000000000000       
3410001300025T 0607686000000009988600109000007947        010715          10042023000000000078342341074628                         000000000000000000AMAURIA TAVARES DE ARAUJO               000000000000000000000000000000000BL                 
3410001300026U 060000000000000000000000000000000000000000000000000000000000000000000000783420000000000783420000000000000000000000000000001004202311042023000000000000000000000000000                              00000000000000000000000       
3410001300027T 0607686000000009988600109000007954        010841          10042023000000000132681081000010                         000000000000000000ANA CAROLINE ARAUJO MORAES CIP          000000000000000000000000000000000B9                 
3410001300028U 060000000000000000000000000000000000000000000000000000000000000000000001326810000000001326810000000000000000000000000000001004202311042023000000000000000000000000000                              00000000000000000000000       
3410001300029T 0607686000000009988600109000007962        010147          10042023000000000128534341085635                         000000000000000000CARLOS ALBERTO CANDEIAS ROMUAL          000000000000000000000000000000000BL                 
3410001300030U 060000000000000000000000000000000000000000000000000000000000000000000001285340000000001285340000000000000000000000000000001004202311042023000000000000000000000000000                              00000000000000000000000       
3410001300031T 0607686000000009988600109000007970        010619          10042023000000000173603081000010                         000000000000000000CARLOS VICENTE SANTORI                  000000000000000000000000000000000B9                 
3410001300032U 060000000000000000000000000000000000000000000000000000000000000000000001736030000000001736030000000000000000000000000000001004202311042023000000000000000000000000000                              00000000000000000000000       
3410001300033T 0607686000000009988600109000007988        010915          10042023000000000123539341061585                         000000000000000000CHRISTINA ALVIM MEDEIROS                000000000000000000000000000000000BL                 
3410001300034U 060000000000000000000000000000000000000000000000000000000000000000000001235390000000001235390000000000000000000000000000001004202311042023000000000000000000000000000                              00000000000000000000000       
3410001300035T 0607686000000009988600109000008002        010903          10042023000000000080627260000010                         000000000000000000MAICON MARINS JARDIM                    000000000000000000000000000000000B3                 
3410001300036U 060000000000000000000000000000000000000000000000000000000000000000000000806270000000000806270000000000000000000000000000001004202311042023000000000000000000000000000                              00000000000000000000000       
3410001300037T 0607686000000009988600109000008028        010893          10042023000000000115440341061488                         000000000000000000MARCIO RIBEIRO ANDRE                    000000000000000000000000000000000BL                 
3410001300038U 060000000000000000000000000000000000000000000000000000000000000000000001154400000000001154400000000000000000000000000000001004202311042023000000000000000000000000000                              00000000000000000000000       
3410001300039T 0607686000000009988600109000008044        010645          10042023000000000101991341007209                         000000000000000000MARIA JOSEFA SOUSA                      000000000000000000000000000000000Q0                 
3410001300040U 060000000000000000000000000000000000000000000000000000000000000000000001019910000000001019910000000000000000000000000000001004202311042023000000000000000000000000000                              00000000000000000000000       
3410001300041T 0607686000000009988600109000008051        010890          10042023000000000010800260000010                         000000000000000000RAIMUNDO DE MORAIS LIMA NETO            000000000000000000000000000000000B3                 
3410001300042U 060000000000000000000000000000000000000000000000000000000000000000000000108000000000000108000000000000000000000000000000001004202311042023000000000000000000000000000                              00000000000000000000000       
3410001300043T 0607686000000009988600109000008077        010741          10042023000000000113076341007151                         000000000000000000ROBERTA ANDRADE GOMES                   000000000000000000000000000000000BL                 
3410001300044U 060000000000000000000000000000000000000000000000000000000000000000000001130760000000001130760000000000000000000000000000001004202311042023000000000000000000000000000                              00000000000000000000000       
3410001300045T 0607686000000009988600109000008093        010740          10042023000000000113236633000010                         000000000000000000YASMIN LUISY REIS DA COSTA              000000000000000000000000000000000B9                 
3410001300046U 060000000000000000000000000000000000000000000000000000000000000000000001132360000000001132360000000000000000000000000000001004202311042023000000000000000000000000000                              00000000000000000000000       
3410001300047T 0607686000000009988600109000008168        010888          06042023000000000090246104038809                         000000000000000000MARCIO FERNANDES                        000000000000000000000000000000000B3                 
3410001300048U 060000000000091400000000000000000000000000000000000000000000000000000000993860000000000993860000000000000000000000000000001004202311042023000000000000000000000000000                              00000000000000000000000       
3410001300049T 0607686000000009988600109000008234        010932          15042023000000000094765260000010                         000000000000000000MAIK MONTEIRO DE OLIVEIRA               000000000000000000000000000000000B3                 
3410001300050U 060000000000000000000000000000000000000000000000000000000000000000000000947650000000000947650000000000000000000000000000001004202311042023000000000000000000000000000                              00000000000000000000000       
3410001300051T 0607686000000009988600109000008242        010920          11042023000000000084218341050069                         000000000000000000MICHELE CRISTINA SILVA                  000000000000000000000000000000000BL                 
3410001300052U 060000000000000000000000000000000000000000000000000000000000000000000000842180000000000842180000000000000000000000000000001004202311042023000000000000000000000000000                              00000000000000000000000       
3410001300053T 0207686000000009988600109000008291        0AVULSA         05052023000000000370877000045674                         000000000000000000SUELI PEREIRA DO VALE                   000000000000000000000000000000000                   
3410001300054U 020000000000000000000000000000000000000000000000000000000000000000000000000000000000000000000000000000000000000000000000001004202300000000000000000000000000000000000                              00000000000000000000000       
3410001300055T 0207686000000009988600109000008309        010916          10042023000000000171657000045674                         000000000000000000JONATHAN PAUL DOS REIS TIPLADY          000000000000000000000000000000000                   
3410001300056U 020000000000000000000000000000000000000000000000000000000000000000000000000000000000000000000000000000000000000000000000001004202300000000000000000000000000000000000                              00000000000000000000000       
3410001300057T 0207686000000009988600109000008317        010668          12042023000000000075760000013065                         000000000000000000JOSE MARCOS SANTOS DA SILVA             000000000000000000000000000000000                   
3410001300058U 020000000000000000000000000000000000000000000000000000000000000000000000000000000000000000000000000000000000000000000000001004202300000000000000000000000000000000000                              00000000000000000000000       
3410001300059T 0207686000000009988600109000008325        010148          10042023000000000146612000000599                         000000000000000000VENICIO VERICIMO PINTO                  000000000000000000000000000000000                   
3410001300060U 020000000000000000000000000000000000000000000000000000000000000000000000000000000000000000000000000000000000000000000000001004202300000000000000000000000000000000000                              00000000000000000000000       
34100015         00006200002300000000003583942000000000000000000000000000000000000000000000000000000000000000000000MT11/04S                                                                                                                     
34199999         000001000064                                                                                                                                                                                                                   
