34100000         240084773000118                    07686 000000099886 0JAL SANTOS ADMINISTRACAO DE IMBANCO ITAU S.A.                         223032023023310000114040                                                                          
34100011T0100030 2040084773000118                    07686 000000099886 0JAL SANTOS ADMINISTRACAO DE IM                                                                                000001142303202324032023                                 
3410001300001T 0607686000000009988600109000007285        010726          24032023000000000080960104016248                         000000000000000000THAISA DE ALMEIDA NEVES                 000000000000000000000000000000000B3                 
3410001300002U 060000000000000000000000000000000000000000000000000000000000000000000000809600000000000809600000000000000000000000000000002303202324032023000000000000000000000000000                              00000000000000000000000       
3410001300003T 0607686000000009988600109000007319        010871          25032023000000000112175341061488                         000000000000000000JOCILEIA GUEDES GARCIA DE MELL          000000000000000000000000000000000CK                 
3410001300004U 060000000000000000000000000000000000000000000000000000000000000000000001121750000000001121750000000000000000000000000000002303202324032023000000000000000000000000000                              00000000000000000000000       
3410001300005T 0607686000000009988600109000007368        010833          25032023000000000123989033044392                         000000000000000000WAGNER LUIZ RIBEIRO DE ALMEIDA          000000000000000000000000000000000B3                 
3410001300006U 060000000000000000000000000000000000000000000000000000000000000000000001122000000000001122000000000000000000000000000000002303202324032023000000000000000000000000000                              00000000000000000000000       
3410001300007T 0607686000000009988600109000007830        010220          27032023000000000130193000045674                         000000000000000000SINESIO BORGES                          000000000000000000000000000000000B3                 
3410001300008U 060000000000000000000000000000000000000000000000000000000000000000000001239890000000000000000000000000000000000000000000002303202300000000000000000000000000000000000                              00000000000000000000000       
3410001300009T 0607686000000009988600109000007558        010939          05042023000000000102446000013065                         000000000000000000ARNALDO JOSE DE SOUZA FILHO             000000000000000000000000000000000B3                 
3410001300010U 060000000000100000000000000000000000000000000000000000000000000000000001239890000000000000000000000000000000000000000000002303202300000000000000000000000000000000000                              00000000000000000000000       
3410001300011T 0207686000000009988600109000007566        010664          05042023000000000064190000013065                         000000000000000000DIONE DE SOUZA PEPEU DA SILVA           000000000000000000000000000000000                   
3410001300012U 020000000000000000000000000000000000000000000000000000000000000000000000000000000000000000000000000000000000000000000000002303202300000000000000000000000000000000000                              00000000000000000000000       
3410001300013T 0207686000000009988600109000007574        010013          05042023000000000103818000045674                         000000000000000000ENIO PEREIRA RANGEL                     000000000000000000000000000000000                   
3410001300014U 020000000000000000000000000000000000000000000000000000000000000000000000000000000000000000000000000000000000000000000000002303202300000000000000000000000000000000000                              00000000000000000000000       
3410001300015T 0207686000000009988600109000007582        010905          04042023000000000107949000013065                         000000000000000000JEAN RAPHAEL RODRIGUES PEREIRA          000000000000000000000000000000000                   
3410001300016U 020000000000000000000000000000000000000000000000000000000000000000000000000000000000000000000000000000000000000000000000002303202300000000000000000000000000000000000                              00000000000000000000000       
3410001300017T 0207686000000009988600109000007590        010693          05042023000000000065110000013065                         000000000000000000JOSE DE GOUVEIA                         000000000000000000000000000000000                   
3410001300018U 020000000000000000000000000000000000000000000000000000000000000000000000000000000000000000000000000000000000000000000000002303202300000000000000000000000000000000000                              00000000000000000000000       
3410001300019T 0207686000000009988600109000007608        010867          05042023000000000067070000013065                         000000000000000000JOSIAS DE SOUZA PEREIRA                 000000000000000000000000000000000                   
3410001300020U 020000000000000000000000000000000000000000000000000000000000000000000000000000000000000000000000000000000000000000000000002303202300000000000000000000000000000000000                              00000000000000000000000       
3410001300021T 0207686000000009988600109000007616        010825          02042023000000000134524000013065                         000000000000000000LEID JANE CURTY BATISTA                 000000000000000000000000000000000                   
3410001300022U 020000000000000000000000000000000000000000000000000000000000000000000000000000000000000000000000000000000000000000000000002303202300000000000000000000000000000000000                              00000000000000000000000       
3410001300023T 0207686000000009988600109000007624        010428          05042023000000000472630000013065                         000000000000000000MARCOS ANTONIO CARVALHO DE SOU          000000000000000000000000000000000                   
3410001300024U 020000000000000000000000000000000000000000000000000000000000000000000000000000000000000000000000000000000000000000000000002303202300000000000000000000000000000000000                              00000000000000000000000       
3410001300025T 0207686000000009988600109000007632        010840          05042023000000000121055000013065                         000000000000000000MARIA JOZETE DA FONSECA RIBEIR          000000000000000000000000000000000                   
3410001300026U 020000000000000000000000000000000000000000000000000000000000000000000000000000000000000000000000000000000000000000000000002303202300000000000000000000000000000000000                              00000000000000000000000       
3410001300027T 0207686000000009988600109000007640        010008          01042023000000000386867000013065                         000000000000000000RAPHAEL DE BRITO NETO                   000000000000000000000000000000000                   
3410001300028U 020000000000000000000000000000000000000000000000000000000000000000000000000000000000000000000000000000000000000000000000002303202300000000000000000000000000000000000                              00000000000000000000000       
3410001300029T 0207686000000009988600109000007657        010827          05042023000000000069770000013065                         000000000000000000SUELY DO NASCIMENTO ANDRADE             000000000000000000000000000000000                   
3410001300030U 020000000000000000000000000000000000000000000000000000000000000000000000000000000000000000000000000000000000000000000000002303202300000000000000000000000000000000000                              00000000000000000000000       
34100015         00003200004400000000006598450000000000000000000000000000000000000000000000000000000000000000000000MT24/03S                                                                                                                     
34199999         000001000034                                                                                                                                                                                                                   
