34100000         240084773000118                    07686 000000099886 0JAL SANTOS ADMINISTRACAO DE IMBANCO ITAU S.A.                         224042023030934000134040                                                                          
34100011T0100030 2040084773000118                    07686 000000099886 0JAL SANTOS ADMINISTRACAO DE IM                                                                                000001342404202325042023                                 
3410001300001T 0607686000000009988600109000008523        010949          21042023000000000141576237005437                         000000000000000000KARE ALVES QUINTANILHA                  000000000000000000000000000000000B3                 
3410001300002U 060000000000000000000000000000000000000000000000000000000000000000000001415760000000001415760000000000000000000000000000002404202325042023000000000000000000000000000                              00000000000000000000000       
3410001300003T 0607686000000009988600109000008531        010870          21042023000000000060200212000010                         000000000000000000KETLYN DELFIM DE SOUZA                  000000000000000000000000000000000B3                 
3410001300004U 060000000000000000000000000000000000000000000000000000000000000000000000602000000000000602000000000000000000000000000000002404202325042023000000000000000000000000000                              00000000000000000000000       
3410001300005T 0607686000000009988600109000008598        010677          25042023000000000217112341063406                         000000000000000000JONAS MARQUES GONCALVES                 000000000000000000000000000000000BL                 
3410001300006U 060000000000000000000000000000000000000000000000000000000000000000000002171120000000002171120000000000000000000000000000002404202325042023000000000000000000000000000                              00000000000000000000000       
3410001300007T 0607686000000009988600109000008606        010794          25042023000000000099267104008110                         000000000000000000MARCIO JOSE THOMAZ                      000000000000000000000000000000000B5                 
3410001300008U 060000000000000000000000000000000000000000000000000000000000000000000000992670000000000992670000000000000000000000000000002404202325042023000000000000000000000000000                              00000000000000000000000       
3410001300009T 0607686000000009988600109000008614        010543          25042023000000000152078341064083                         000000000000000000MARIA JERUSALEM DA SILVA                000000000000000000000000000000000BL                 
3410001300010U 060000000000000000000000000000000000000000000000000000000000000000000001520780000000001520780000000000000000000000000000002404202325042023000000000000000000000000000                              00000000000000000000000       
3410001300011T 0607686000000009988600109000008630        010726          24042023000000000080960104016248                         000000000000000000THAISA DE ALMEIDA NEVES                 000000000000000000000000000000000B3                 
3410001300012U 060000000000000000000000000000000000000000000000000000000000000000000000809600000000000809600000000000000000000000000000002404202325042023000000000000000000000000000                              00000000000000000000000       
3410001300013T 0607686000000009988600109000008655        010833          25042023000000000112200033044392                         000000000000000000WAGNER LUIZ RIBEIRO DE ALMEIDA          000000000000000000000000000000000B3                 
3410001300014U 060000000000000000000000000000000000000000000000000000000000000000000001122000000000001122000000000000000000000000000000002404202325042023000000000000000000000000000                              00000000000000000000000       
3410001300015T 0607686000000009988600109000008747        010908          29042023000000000097345237004731                         000000000000000000PAULO CESAR GOMES                       000000000000000000000000000000000B3                 
3410001300016U 060000000000000000000000000000000000000000000000000000000000000000000000973450000000000973450000000000000000000000000000002404202325042023000000000000000000000000000                              00000000000000000000000       
3410001300017T 0607686000000009988600109000008838        010888          24042023000000000081864104038809                         000000000000000000MARCIO FERNANDES                        000000000000000000000000000000000B3                 
3410001300018U 060000000000000000000000000000000000000000000000000000000000000000000000818640000000000818640000000000000000000000000000002404202325042023000000000000000000000000000                              00000000000000000000000       
3410001300019T 0207686000000009988600109000008846        010952          04052023000000000100090000013065                         000000000000000000JANE CARDOSO DA SILVA                   000000000000000000000000000000000                   
3410001300020U 020000000000000000000000000000000000000000000000000000000000000000000000000000000000000000000000000000000000000000000000002404202300000000000000000000000000000000000                              00000000000000000000000       
3410001300021T 0207686000000009988600109000008853        010905          04052023000000000107949000013065                         000000000000000000JEAN RAPHAEL RODRIGUES PEREIRA          000000000000000000000000000000000                   
3410001300022U 020000000000000000000000000000000000000000000000000000000000000000000000000000000000000000000000000000000000000000000000002404202300000000000000000000000000000000000                              00000000000000000000000       
3410001300023T 0207686000000009988600109000008861        010825          02052023000000000134524000013065                         000000000000000000LEID JANE CURTY BATISTA                 000000000000000000000000000000000                   
3410001300024U 020000000000000000000000000000000000000000000000000000000000000000000000000000000000000000000000000000000000000000000000002404202300000000000000000000000000000000000                              00000000000000000000000       
3410001300025T 0207686000000009988600109000008879        010008          01052023000000000386867000013065                         000000000000000000RAPHAEL DE BRITO NETO                   000000000000000000000000000000000                   
3410001300026U 020000000000000000000000000000000000000000000000000000000000000000000000000000000000000000000000000000000000000000000000002404202300000000000000000000000000000000000                              00000000000000000000000       
3410001300027T 0207686000000009988600109000008887        010909          01052023000000000111552000013065                         000000000000000000THAINA MEIRELES E OUTRO                 000000000000000000000000000000000                   
3410001300028U 020000000000000000000000000000000000000000000000000000000000000000000000000000000000000000000000000000000000000000000000002404202300000000000000000000000000000000000                              00000000000000000000000       
3410001300029T 0207686000000009988600109000008895        0AVULSA         25042023000000000133475000013065                         000000000000000000JANIO QUEIROZ DA SILVA PINTO            000000000000000000000000000000000                   
3410001300030U 020000000000000000000000000000000000000000000000000000000000000000000000000000000000000000000000000000000000000000000000002404202300000000000000000000000000000000000                              00000000000000000000000       
34100015         00003200003800000000005759479000000000000000000000000000000000000000000000000000000000000000000000MT25/04S                                                                                                                     
34199999         000001000034                                                                                                                                                                                                                   
