34100000         240084773000118                    07686 000000099886 0JAL SANTOS ADMINISTRACAO DE IMBANCO ITAU S.A.                         224032023022942000115040                                                                          
34100011T0100030 2040084773000118                    07686 000000099886 0JAL SANTOS ADMINISTRACAO DE IM                                                                                000001152403202327032023                                 
3410001300001T 0607686000000009988600109000007525        010488          24032023000000000074121260000010                         000000000000000000YAGO DA COSTA ANTUNES                   000000000000000000000000000000000B3                 
3410001300002U 060000000000000000000000000000000000000000000000000000000000000000000000741210000000000741210000000000000000000000000000002403202327032023000000000000000000000000000                              00000000000000000000000       
3410001300003T 0207686000000009988600109000007665        010717          28032023000000000127235000013065                         000000000000000000MARTA MILANI DE SOUZA MOREIRA           000000000000000000000000000000000                   
3410001300004U 020000000000000000000000000000000000000000000000000000000000000000000000000000000000000000000000000000000000000000000000002403202300000000000000000000000000000000000                              00000000000000000000000       
3410001300005T 0207686000000009988600109000007673        010909          01042023000000000111529000013065                         000000000000000000THAINA MEIRELES E OUTRO                 000000000000000000000000000000000                   
3410001300006U 020000000000000000000000000000000000000000000000000000000000000000000000000000000000000000000000000000000000000000000000002403202300000000000000000000000000000000000                              00000000000000000000000       
3410001300007T 0207686000000009988600109000007681        010945          01042023000000000114559000045674                         000000000000000000VANESSA DA SILVA LOBE                   000000000000000000000000000000000                   
3410001300008U 020000000000000000000000000000000000000000000000000000000000000000000000000000000000000000000000000000000000000000000000002403202300000000000000000000000000000000000                              00000000000000000000000       
34100015         00001000004600000000006877652000000000000000000000000000000000000000000000000000000000000000000000MT27/03S                                                                                                                     
34199999         000001000012                                                                                                                                                                                                                   
