34100000         240084773000118                    07686 000000099886 0JAL SANTOS ADMINISTRACAO DE IMBANCO ITAU S.A.                         221032023023937000112040                                                                          
34100011T0100030 2040084773000118                    07686 000000099886 0JAL SANTOS ADMINISTRACAO DE IM                                                                                000001122103202322032023                                 
3410001300001T 0607686000000009988600109000007186        010928          21032023000000000142231033034050                         000000000000000000CARLOS EDUARDO ALBERNAZ VICENT          000000000000000000000000000000000B3                 
3410001300002U 060000000000000000000000000000000000000000000000000000000000000000000001422310000000001422310000000000000000000000000000002103202322032023000000000000000000000000000                              00000000000000000000000       
3410001300003T 0607686000000009988600109000007236        010870          21032023000000000060200212000010                         000000000000000000KETLYN DELFIM DE SOUZA                  000000000000000000000000000000000B3                 
3410001300004U 060000000000000000000000000000000000000000000000000000000000000000000000602000000000000602000000000000000000000000000000002103202322032023000000000000000000000000000                              00000000000000000000000       
3410001300005T 0207686000000009988600109000007533        010916          22032023000000000164860000045674                         000000000000000000JONATHAN PAUL DOS REIS TIPLADY          000000000000000000000000000000000                   
3410001300006U 020000000000000000000000000000000000000000000000000000000000000000000000000000000000000000000000000000000000000000000000002103202300000000000000000000000000000000000                              00000000000000000000000       
34100015         00000800003700000000005300988000000000000000000000000000000000000000000000000000000000000000000000MT22/03S                                                                                                                     
34199999         000001000010                                                                                                                                                                                                                   
