34100000         240084773000118                    07686 000000099886 0JAL SANTOS ADMINISTRACAO DE IMBANCO ITAU S.A.                         222032023022226000113040                                                                          
34100011T0100030 2040084773000118                    07686 000000099886 0JAL SANTOS ADMINISTRACAO DE IM                                                                                000001132203202323032023                                 
3410001300001T 0907686000000009988600109000005560        010710          20022023000000000057965000077881                         000000000000000000INAIA CRISTINA COELHO NASCIMEN          000000000000000000000000000000000                   
3410001300002U 090000000000000000000000000000000000000000000000000000000000000000000000000000000000000000000000000000000000000000000000002203202300000000000000000000000000000000000                              00000000000000000000000       
3410001300003T 0607686000000009988600109000007533        010916          22032023000000000164860104008895                         000000000000000000JONATHAN PAUL DOS REIS TIPLADY          000000000000000000000000000000000B3                 
3410001300004U 060000000000000000000000000000000000000000000000000000000000000000000001648600000000001648600000000000000000000000000000002203202323032023000000000000000000000000000                              00000000000000000000000       
34100015         00000600003500000000005078163000000000000000000000000000000000000000000000000000000000000000000000MT23/03S                                                                                                                     
34199999         000001000008                                                                                                                                                                                                                   
