34100000         240084773000118                    07686 000000099886 0JOLEAN IMOVEIS-JAL SANTOS ADMIBANCO ITAU SA                           12403202314275002040804000000                                                      000            
34100011R0100030 2040084773000118                    07686 000000099886 0JOLEAN IMOVEIS-JAL SANTOS ADMI                                                                                000000002403202300000000                                 
3410001300001P 0107686 000000099886 0109000007400        0000010160          2403202300000000000100000000005N24032023024032023000000000000000000000000000000000000000000000000000000000000000000000                         0001300000000000000 
3410001300002Q 011000012966320320ABDON DA SILVA CHAVES                   RUA OTAVIO VILELA  40 CASA 01           MUTUA          24440400SAO GONCALO    RJ0000000000000000                                        000                            
3410001300003R 01000000000000000000000000000000000000000000000000224032023000000000001000                                                                                                              0000000000000000 000000000000  0         
34100015         00000500000100000000000001000000000000000000000000000000000000000000000000000000000000000000000000                                                                                                                             
34199999         000001000007                                                                                                                                                                                                                   
